@Manual{computeR,
  title = {Computational Genomics with R},
  author = {{Altuna Akalin}},
  #organization = {NA},
  #address = {Vienna, Austria},
  year = {2016},
  url = {http://compgenomr.github.io/book/},
}
